<?xml version="1.0" encoding="UTF-8"?><collection xmlns="http://www.loc.gov/MARC21/slim"><record><leader>00502nam--2200181-i-4500</leader><controlfield tag="001">000000277</controlfield><controlfield tag="002">20161230</controlfield><controlfield tag="005">20170109000008</controlfield><controlfield tag="008">060222s1000------------r-----000-0-ger-d</controlfield><datafield ind1=" " ind2=" " tag="040"><subfield code="a">IFIN-HH</subfield></datafield><datafield ind1=" " ind2=" " tag="041"><subfield code="a">ger</subfield></datafield><datafield ind1=" " ind2=" " tag="080"><subfield code="a">539.1</subfield></datafield><datafield ind1="1" ind2=" " tag="100"><subfield code="a">Graewe, Herbert</subfield></datafield><datafield ind1="1" ind2="0" tag="245"><subfield code="a">Atomphysik</subfield><subfield code="b">Grundlagen, atomhulle, atomkern ein arbeitsbuch fur studium and unterricht</subfield><subfield code="c">Herbert graewe</subfield></datafield><datafield ind1=" " ind2=" " tag="260"><subfield code="a">Bonn</subfield><subfield code="b">Ferd.Dummlers Verlag</subfield><subfield code="c">1963</subfield></datafield><datafield ind1=" " ind2=" " tag="300"><subfield code="a">416 p</subfield></datafield><datafield ind1=" " ind2=" " tag="852"><subfield code="a">18494</subfield><subfield code="c">539</subfield></datafield><datafield ind1=" " ind2=" " tag="CAT"><subfield code="a">SYS</subfield><subfield code="c">20170109</subfield><subfield code="h">000008</subfield></datafield></record></collection>